<?xml version="1.0" encoding="UTF-8"?><collection xmlns="http://www.loc.gov/MARC21/slim"><record><leader>00334nam--2200133-i-4500</leader><controlfield tag="001">000036756</controlfield><controlfield tag="002">20161230</controlfield><controlfield tag="005">20161230201041</controlfield><controlfield tag="008">060222s1000------------r-----000-0-eng-d</controlfield><datafield ind1=" " ind2=" " tag="080"><subfield code="a">77</subfield></datafield><datafield ind1=" " ind2=" " tag="100"><subfield code="a">Pogany, Iuliu</subfield></datafield><datafield ind1=" " ind2=" " tag="245"><subfield code="a">Fotografia - de la teorie la practica</subfield></datafield><datafield ind1=" " ind2=" " tag="260"><subfield code="a">Bucuresti, Ed.Stiint.Si Encicl., 1987, 176p</subfield></datafield><datafield ind1=" " ind2=" " tag="852"><subfield code="a">74013</subfield></datafield></record></collection>